% PLAY pilot references

@MISC{PLAY-workshop-Databrary,
  title        = "Play \& Learning Across a Year ({PLAY}) workshop at {NICHD}",
  booktitle    = "{PLAY} Project: {NICHD} Workshop (2016-12-16)",
  author       = "K E Adolph and R O Gilmore and C Tamis-LeMonda",
  url          = "https://nyu.databrary.org/volume/254",
  howpublished = "\url{https://nyu.databrary.org/volume/254}",
  doi          = "10.17910/B7.254",
  year         = {2016},
  note         = "Accessed: 2018-2-13"
}

@MISC{Adolph2018-wc,
  title        = "{PLAY} Pilot Data Collections",
  booktitle    = "{PLAY} Pilot Data Collections",
  author       = "K E Adolph and C Tamis-LeMonda and R O Gilmore",
  month        =  mar,
  year         =  2018,
  url          = "https://nyu.databrary.org/volume/444",
  howpublished = "\url{https://nyu.databrary.org/volume/444}",
  note         = "Accessed: 2018-3-22"
}

@MISC{Soska2016-yo,
  title        = "The {PLAY} project Wiki",
  booktitle    = "The {PLAY} project Wiki",
  author       = "Soska, K and Adolph, K E and Tamis-LeMonda, C T  and Gilmore, R O",
  month        =  dec,
  year         =  2016,
  url          = "https://dev1.ed-projects.nyu.edu/wikis/docuwiki/doku.php",
  howpublished = "\url{https://dev1.ed-projects.nyu.edu/wikis/docuwiki/doku.php}",
  note         = "Accessed: 2017-2-17"
}


@MISC{PLAY-webinar-Databrary,
  title        = "{PLAY} Project: Webinar discussions on protocol and coding",
  booktitle    = "{PLAY} Project: Webinar discussions on protocol and coding",
  author       = "Adolph, K E and Tamis-LeMonda, C L and Gilmore, R O",
  url          = "https://nyu.databrary.org/volume/232",
  howpublished = "\url{https://nyu.databrary.org/volume/232}",
  note         = "Accessed: 2018-3-22"
}


@MISC{Adolph2017-ac,
  title        = "Video data and documentation will improve psychological
                  science",
  booktitle    = "http://www.apa.org",
  author       = "Adolph, K E and Gilmore, R O and Kennedy, J L",
  month        =  oct,
  year         =  2017,
  url          = "http://www.apa.org/science/about/psa/2017/10/video-data.aspx",
  howpublished = "\url{http://www.apa.org/science/about/psa/2017/10/video-data.aspx}",
  note         = "Accessed: 2018-2-13"
}

@ARTICLE{Gilmore2018-cb,
  title     = "Practical Solutions for Sharing Data and Materials From
               Psychological Research",
  author    = "Gilmore, Rick O and Kennedy, Joy Lorenzo and Adolph, Karen E",
  journal   = "Advances in Methods and Practices in Psychological Science",
  publisher = "SAGE Publications Inc",
  pages     = "2515245917746500",
  month     =  jan,
  year      =  2018,
  url       = "https://doi.org/10.1177/2515245917746500",
  issn      = "2515-2459",
  doi       = "10.1177/2515245917746500"
}

@INPROCEEDINGS{Gilmore2016-ev,
  title     = {Curating identifiable data for sharing: The Databrary project},
  booktitle = "2016 New York Scientific Data Summit ({NYSDS})",
  author    = "Gilmore, R O and Adolph, K E and Millman, D S",
  publisher = "ieeexplore.ieee.org",
  pages     = "1--6",
  month     =  aug,
  year      =  2016,
  url       = "http://dx.doi.org/10.1109/NYSDS.2016.7747817",
  keywords  = "Big Data;data privacy;meta data;software tools;video
               databases;video streaming;Databrary data library;NYU;big
               data;databrary project;file format diversity;human behavior
               dynamics;incompatible software tools;metadata;video data
               sharing;video files;Data
               privacy;Education;Encoding;Libraries;Metadata;Standards;Streaming
               media;data science;data sharing;open science;video",
  doi       = "10.1109/NYSDS.2016.7747817"
}

@ARTICLE{Gilmore2017-eh,
  title   = "Video can make behavioural science more reproducible",
  author  = "Gilmore, Rick O and Adolph, Karen E",
  journal = "Nature Human Behavior",
  volume  =  1,
  month   =  jun,
  year    =  2017,
  doi     = "10.1038/s41562-017-0128"
}

@ARTICLE{Gilmore2016-wl,
  title     = "Transforming education research through open video data sharing",
  author    = "Gilmore, Rick O and Adolph, Karen E and Millman, David S and
               Gordon, Andrew",
  journal   = "Advances in engineering education",
  publisher = "ERIC",
  volume    =  5,
  number    =  2,
  year      =  2016,
  url       = "https://www.ncbi.nlm.nih.gov/pubmed/28042361",
  keywords  = "digital library; open data sharing; video",
  language  = "en",
  issn      = "1941-1766",
  pmid      = "28042361",
  pmc       = "PMC5199018"
}

@ARTICLE{Gilmore2016-ir,
  title    = "From big data to deep insight in developmental science",
  author   = "Gilmore, Rick O",
  journal  = "Wiley interdisciplinary reviews. Cognitive science",
  volume   =  7,
  number   =  2,
  pages    = "112--126",
  month    =  jan,
  year     =  2016,
  url      = "http://onlinelibrary.wiley.com/doi/10.1002/wcs.1379/full",
  language = "en",
  issn     = "1939-5078, 1939-5086",
  doi      = "10.1002/wcs.1379"
}

@MANUAL{Gilmore_undated-jr,
  title    = "Databrary repository on {GitHub}",
  author   = "Gilmore, R O and Simon, D",
  url      = "https://github.com/databrary"
}

@MISC{databrary-site,
  title        = "Databrary",
  url          = "https://nyu.databrary.org/",
  howpublished = "\url{https://nyu.databrary.org/}",
  note         = "Accessed: 2017-2-15"
}


@ARTICLE{MacWhinney2000-yn,
  title     = "The {CHILDES} Project: Tools for Analyzing Talk (third edition):
               Volume I: Transcription format and programs, Volume {II}: The
               database",
  author    = "MacWhinney, Brian",
  journal   = "Computational Linguistics",
  publisher = "MIT Press",
  volume    =  26,
  number    =  4,
  pages     = "657--657",
  month     =  dec,
  year      =  2000,
  url       = "https://doi.org/10.1162/coli.2000.26.4.657",
  issn      = "0891-2017",
  doi       = "10.1162/coli.2000.26.4.657"
}

@MISC{ibad-PLAY-github,
  title = "PLAY project protocol manuscript",
  url = "https://github.com/PLAY-behaviorome/ibad-lets-PLAY",
  note = "Accessed: 2018-03-23"
}


@MISC{noauthor_undated-ee,
  title        = "Video Data Release Template, Participants || Databrary: An
                  Open Data Library for Developmental Science",
  url          = "https://www.databrary.org/resources/templates/release-template.html",
  howpublished = "\url{https://www.databrary.org/resources/templates/release-template.html}",
  note         = "Accessed: 2018-3-23"
}


%%%%%%%

%1
@ARTICLE{Gibson1994-kb,
  title ="Has Psychology a Future?",
  author = "Gibson, Eleanor J",
  journal = "Psychological Science",
  publisher = "SAGE Publications Inc",
   volume =  5,
   number =  2,
   pages  = "69--76",
   month  =  mar,
   year   =  1994,
   url    = "https://doi.org/10.1111/j.1467-9280.1994.tb00633.x",
   issn   = "0956-7976",
   doi    = "10.1111/j.1467-9280.1994.tb00633.x"
 }

%2
 @ARTICLE{Adolph_undated-od,
   title   = "Video as Data: From Transient Behavior to Tangible Recording",
   author  = "Adolph, K E",
   journal = "APS observer",
   pages   = "in press",
   issn = "1050-4672"
 }
 
%3
 @ARTICLE{Gilmore2017-eh,
   title   = "Video can make behavioural science more reproducible",
   author  = "Gilmore, Rick O and Adolph, Karen E",
   journal = "Nature Human Behavior",
   volume  =  1,
   month   =  jun,
   year =  2017,
   doi  = "10.1038/s41562-017-0128"
 }

%4
 @ARTICLE{Gesell1991-sx,
   title = "Cinemanalysis: A Method of Behavior Study",
   author   = "Gesell, Arnold",
   journal  = "The Journal of genetic psychology",
   volume   =  152,
   number   =  4,
   pages = "549--562",
   month =  dec,
   year  =  1991,
   url   = "http://dx.doi.org/10.1080/00221325.1991.9914712",
   issn  = "0022-1325",
   doi   = "10.1080/00221325.1991.9914712"
 }

%5
 @ARTICLE{Gesell1946-qr,
   title = "Cinematography and the Study of Child Development",
   author   = "Gesell, Arnold",
   journal  = "The American naturalist",
   volume   =  80,
   number   =  793,
   pages = "470--475",
   year  =  1946,
   url   = "http://www.jstor.org/stable/2458189",
   issn  = "0003-0147"
 }

%6
 @ARTICLE{Gilmore2016-wl,
   title  = "Transforming Education Research Through Open Video Data Sharing",
   author = "Gilmore, Rick O and Adolph, Karen E and Millman, David S and
    Gordon, Andrew",
   journal   = "Advances in engineering education",
   publisher = "ERIC",
   volume =  5,
   number =  2,
   year   =  2016,
   url    = "https://www.ncbi.nlm.nih.gov/pubmed/28042361",
   keywords  = "digital library; open data sharing; video",
   language  = "en",
   issn   = "1941-1766",
   pmid   = "28042361",
   pmc    = "PMC5199018"
 }
 

%7
@MISC{databrary,
   title  = "Databrary",
   url    = "http://databrary.org.",
   howpublished = "\url{http://databrary.org.}",
   note   = "Accessed: 2018-3-22"
 }
 
%8
% Datavyu 
 @MISC{datavyu-site,
   title  = "Welcome! || Datavyu: Video coding and data visualization tool",
   url    = "http://datavyu.org",
   howpublished = "\url{http://datavyu.org}",
   note   = "Accessed: 2018-3-22"
 }
 


%9
 @BOOK{Piaget1967-nl,
   title  = "Play, dreams and imitation in childhood",
   author = "Piaget, Jean",
   publisher = "Routledge \& K. Paul",
   year   =  1967,
   url    = "https://openlibrary.org/books/OL22344377M.opds",
   address   = "London",
   language  = "en",
   isbn   = "9780393001716"
 }

%10
 @BOOK{Montessori1984-la,
   title  = "The absorbent mind",
   author = "Montessori, Maria",
   publisher = "Dell Publishing Co., Inc.",
   year   =  1984,
   url    = "https://openlibrary.org/books/OL22287831M.opds",
   address   = "New York",
   language  = "en",
   isbn   = "9780440300113"
 }

%11
 @ARTICLE{Bruner1975-sp,
   title  = "Play is serious business",
   author = "Bruner, Jerome S",
   journal   = "Psychology today",
   publisher = "80 FIFTH AVENUE 3RD FLOOR, NEW YORK, NY 10011",
   volume =  8,
   number =  8,
   pages  = "80--83",
   year   =  1975,
   issn   = "0033-3107"
 }

%12
 @BOOK{Bruner1976-ab,
   title  = "Play, its role in development and evolution",
   author = "Bruner, Jerome Seymour",
   publisher = "Basic Books",
   year   =  1976,
   url    = "https://market.android.com/details?id=book-Zq8oAAAAYAAJ",
   language  = "en",
   isbn   = "9780465057818"
 }

%13
 @BOOK{Bloom1995-xb,
   title  = "The Transition from Infancy to Language: Acquiring the Power of
    Expression",
   author = "Bloom, Lois",
   publisher = "Cambridge University Press",
   month  =  jan,
   year   =  1995,
   url    = "https://market.android.com/details?id=book-ntvdZv1wttQC",
   language  = "en",
   isbn   = "9780521483797"
 }

%14
 @BOOK{Hoff2013-er,
   title  = "Language Development",
   author = "Hoff, Erika",
   publisher = "Cengage Learning",
   month  =  jan,
   year   =  2013,
   url    = "https://market.android.com/details?id=book-7MxTSQlfUVUC",
   language  = "en",
   isbn   = "9781133939092"
 }
 

%15
@INCOLLECTION{Tamis-Lemonda1996-xq,
   title  = "Variation in children's exploratory, nonsymbolic, and symbolic
    play: An explanatory mutidimensional framework",
   booktitle = "Advances in infancy research",
   author = "Tamis-Lemonda, Catherine and Bornstein, M H",
   publisher = "Ablex Publishers",
   year   =  1996,
   url    = "https://nyu.pure.elsevier.com/en/publications/variation-in-childrens-exploratory-nonsymbolic-and-symbolic-play-"
 }

%16
@INCOLLECTION{Robinson2015-qe,
   title  = "Motor Development",
   booktitle = "Handbook of Child Psychology and Developmental Science",
   author = "Robinson, SR, Adolph Ke \&",
   publisher = "John Wiley \& Sons, Inc.",
   volume =  2,
   pages  = "114--157",
   month  =  feb,
   year   =  2015,
   url    = "http://doi.wiley.com/10.1002/9781118963418.childpsy204",
   address   = "Hoboken, NJ, USA",
   isbn   = "9781118963418, 9781118136850",
   doi    = "10.1002/9781118963418.childpsy204"
 }

%17
 @ARTICLE{Onis2006-le,
   title  = "{WHO} Motor Development Study: windows of achievement for six
    gross motor development milestones",
   author = "Onis, Mercedes",
   journal   = "Acta paediatrica",
   publisher = "Wiley Online Library",
   volume =  95,
   number = "S450",
   pages  = "86--95",
   year   =  2006,
   url    = "http://onlinelibrary.wiley.com/doi/10.1111/j.1651-2227.2006.tb02379.x/full",
   issn   = "0365-1436"
 }

%18
 @BOOK{Alan_Sroufe1997-rg,
   title  = "Emotional Development: The Organization of Emotional Life in the
    Early Years",
   author = "Alan Sroufe, L",
   publisher = "Cambridge University Press",
   month  =  sep,
   year   =  1997,
   url    = "https://market.android.com/details?id=book-w9EDGhyXYGoC",
   language  = "en",
   isbn   = "9780521629928"
 }

%19
 @ARTICLE{Lerner2006-sl,
   title  = "Developmental science, developmental systems, and contemporary
    theories of human development",
   author = "Lerner, Richard M",
   journal   = "Handbook of child psychology",
   publisher = "Wiley Online Library",
   year   =  2006,
   url    = "http://onlinelibrary.wiley.com/doi/10.1002/9780470147658.chpsy0101/full"
 }

%20
 @BOOK{Bronfenbrenner2009-ii,
   title  = "The Ecology of Human Development",
   author = "Bronfenbrenner, Urie",
   publisher = "Harvard University Press",
   month  =  jun,
   year   =  2009,
   url    = "https://market.android.com/details?id=book-8cf0FYm0jW0C",
   language  = "en",
   isbn   = "9780674028845"
 }

%21
 @ARTICLE{Bronfenbrenner2006-gd,
   title  = "The bioecological model of human development",
   author = "Bronfenbrenner, Urie and Morris, Pamela A",
   journal   = "Handbook of child psychology",
   publisher = "Wiley Online Library",
   year   =  2006,
   url    = "http://onlinelibrary.wiley.com/doi/10.1002/9780470147658.chpsy0114/full"
 }

%22
 @ARTICLE{Masten2010-zf,
   title = "Developmental cascades",
   author   = "Masten, Ann S and Cicchetti, Dante",
   journal  = "Development and psychopathology",
   volume   =  22,
   number   =  3,
   pages = "491--495",
   month =  aug,
   year  =  2010,
   url   = "http://dx.doi.org/10.1017/S0954579410000222",
   language = "en",
   issn  = "0954-5794, 1469-2198",
   pmid  = "20576173",
   doi   = "10.1017/S0954579410000222"
 }

%23
@INCOLLECTION{Spelke_E_S_Newport_E_L1998-ai,
   title  = "Nativism, empiricism, and the development of knowledge",
   booktitle = "Handbook of child psychology: Theoretical models of human
    development",
   author = "{Spelke, E. S., \& Newport, E. L.}",
   editor = "{William Damon \& Richard}",
   publisher = "John Wiley \& Sons, Inc.",
   volume =  1,
   pages  = "275--340",
   series = "5th ed.",
   year   =  1998,
   url    = "http://psycnet.apa.org/record/2005-01926-006",
   address   = "New York"
 }

%24
@ARTICLE{Spelke2007-ts,
   title = "Core knowledge",
   author   = "Spelke, Elizabeth S and Kinzler, Katherine D",
   journal  = "Developmental science",
   volume   =  10,
   number   =  1,
   pages = "89--96",
   month =  jan,
   year  =  2007,
   url   = "http://dx.doi.org/10.1111/j.1467-7687.2007.00569.x",
   language = "en",
   issn  = "1363-755X",
   pmid  = "17181705",
   doi   = "10.1111/j.1467-7687.2007.00569.x"
 }

%25
@ARTICLE{Dominici2011-gm,
   title = "Locomotor primitives in newborn babies and their development",
   author   = "Dominici, Nadia and Ivanenko, Yuri P and Cappellini, Germana and
      d'Avella, Andrea and Mond{\`\i}, Vito and Cicchese, Marika and
      Fabiano, Adele and Silei, Tiziana and Di Paolo, Ambrogio and
      Giannini, Carlo and Poppele, Richard E and Lacquaniti, Francesco",
   journal  = "Science",
   volume   =  334,
   number   =  6058,
   pages = "997--999",
   month =  nov,
   year  =  2011,
   url   = "http://dx.doi.org/10.1126/science.1210617",
   language = "en",
   issn  = "0036-8075, 1095-9203",
   pmid  = "22096202",
   doi   = "10.1126/science.1210617"
 }

%26
 @BOOK{Fodor1983-dh,
   title  = "The Modularity of Mind",
   author = "Fodor, Jerry A",
   publisher = "MIT Press",
   month  =  apr,
   year   =  1983,
   url    = "https://market.android.com/details?id=book-0vg0AwAAQBAJ",
   language  = "en",
   isbn   = "9780262260701"
 }

%27
@ARTICLE{Bornstein2013-mr,
   title = "Sampling in Developmental Science: Situations, Shortcomings,
      Solutions, and Standards",
   author   = "Bornstein, Marc H and Jager, Justin and Putnick, Diane L",
   journal  = "Developmental review: DR",
   volume   =  33,
   number   =  4,
   pages = "357--370",
   month =  dec,
   year  =  2013,
   url   = "http://dx.doi.org/10.1016/j.dr.2013.08.003",
   language = "en",
   issn  = "0273-2297",
   pmid  = "25580049",
   doi   = "10.1016/j.dr.2013.08.003",
   pmc   = "PMC4286359"
 }

%28
@ARTICLE{Gilmore2016-ir,
   title = "From big data to deep insight in developmental science",
   author   = "Gilmore, Rick O",
   journal  = "Wiley interdisciplinary reviews. Cognitive science",
   volume   =  7,
number=2,
   pages = "112--126",
   month =  jan,
   year  =  2016,
   url   = "http://onlinelibrary.wiley.com/doi/10.1002/wcs.1379/full",
   language = "en",
   issn  = "1939-5078, 1939-5086",
   doi   = "10.1002/wcs.1379"
 }

%29
@INCOLLECTION{Gordon_A_S_Steiger_L_Adolph_K_E_undated-mw,
   title  = "Losing research data due to lack of curation and preservation",
   booktitle = "Curating research data Volume 2: A handbook of current practice",
   author = "{Gordon, A. S., Steiger, L., \& Adolph, K. E.}",
   editor = "Johnston, L",
   publisher = "Association of College and Research Libraries",
   address   = "Chicago, IL"
 } 

%30
@ARTICLE{Open_Science_Collaboration2015-zk,
  title     = "Estimating the reproducibility of psychological science",
  author    = "{Open Science Collaboration}",
  journal   = "Science",
  publisher = "American Association for the Advancement of Science",
  volume    =  349,
  number    =  6251,
  pages     = "aac4716--aac4716",
  month     =  aug,
  year      =  2015,
  url       = "http://science.sciencemag.org/content/349/6251/aac4716",
  language  = "en",
  issn      = "0036-8075, 1095-9203",
  pmid      = "26315443",
  doi       = "10.1126/science.aac4716"
}

%31
@BOOK{Harris2017-oz,
   title  = "Rigor Mortis: How Sloppy Science Creates Worthless Cures,
    Crushes Hope, and Wastes Billions",
   author = "Harris, Richard",
   publisher = "Basic Books",
   edition   = "1 edition",
   month  =  apr,
   year   =  2017,
   url    = "https://www.amazon.com/Rigor-Mortis-Science-Worthless-Billions/dp/0465097901",
   language  = "en",
   isbn   = "9780465097906"
 }

%32
@BOOK{Bornstein2014-ku,
  title     = "Development in Infancy: A Contemporary Introduction",
  author    = "Bornstein, Marc H and Arterberry, Martha E and Lamb, Michael E",
  publisher = "Psychology Press",
  edition   = "5 edition",
  year      =  2014,
  url       = "https://www.amazon.com/Development-Infancy-Contemporary-Marc-Bornstein/dp/080586363X",
  language  = "en",
  isbn      = "9780805863635"
}

%33
@BOOK{Miller2017-sl,
  title     = "Developmental Research Methods",
  author    = "Miller, Scott A",
  publisher = "SAGE Publications, Inc",
  edition   = "5 edition",
  month     =  mar,
  year      =  2017,
  url       = "https://www.amazon.com/Developmental-Research-Methods-Scott-Miller/dp/1506332013",
  language  = "en",
  isbn      = "9781506332017"
}

%34
@ARTICLE{Peterson2016-gm,
  title    = "The Baby Factory: Difficult Research Objects, Disciplinary
              Standards, and the Production of Statistical Significance",
  author   = "Peterson, David",
  journal  = "Socius: Sociological Research for a Dynamic World",
  volume   =  2,
  pages    = "2378023115625071",
  month    =  jan,
  year     =  2016,
  url      = "http://srd.sagepub.com/content/2/2378023115625071",
  keywords = "laboratory ethnography; science and knowledge; sociology of
              psychology; standardization",
  language = "en",
  issn     = "2378-0231",
  doi      = "10.1177/2378023115625071"
}

%35
@ARTICLE{Walle2014-ub,
  title    = "Infant language development is related to the acquisition of
              walking",
  author   = "Walle, Eric A and Campos, Joseph J",
  journal  = "Developmental psychology",
  volume   =  50,
  number   =  2,
  pages    = "336--348",
  month    =  feb,
  year     =  2014,
  url      = "http://dx.doi.org/10.1037/a0033238",
  language = "en",
  issn     = "0012-1649, 1939-0599",
  pmid     = "23750505",
  doi      = "10.1037/a0033238"
}

%36
@ARTICLE{Tamis-LeMonda1994-lf,
  title     = "Specificity in mother-toddler language-play relations across the
               second year",
  author    = "Tamis-LeMonda, C S and Bornstein, M H",
  journal   = "Developmental psychology",
  publisher = "doi.apa.org",
  year      =  1994,
  url       = "http://doi.apa.org/journals/dev/30/2/283.html",
  issn      = "0012-1649"
}

%37
@ARTICLE{Bloom1987-md,
  title     = "Expression of Affect and the Emergence of Language",
  author    = "Bloom, Lois and Capatides, Joanne Bitetti",
  journal   = "Child development",
  publisher = "[Wiley, Society for Research in Child Development]",
  volume    =  58,
  number    =  6,
  pages     = "1513--1522",
  year      =  1987,
  url       = "http://www.jstor.org/stable/1130691",
  issn      = "0009-3920, 1467-8624",
  doi       = "10.2307/1130691"
}

%38
@ARTICLE{Kuchirko2017-ek,
  title     = "Becoming a Communicative Partner: Infant Contingent
               Responsiveness to Maternal Language and Gestures",
  author    = "Kuchirko, Yana and Tafuro, Lisa and Tamis LeMonda, Catherine S",
  journal   = "Infancy: the official journal of the International Society on
               Infant Studies",
  publisher = "Wiley Online Library",
  year      =  2017,
  url       = "http://onlinelibrary.wiley.com/doi/10.1111/infa.12222/full",
  issn      = "1525-0008"
}

%39
@ARTICLE{Suanda2016-qs,
  title     = "The Multisensory Nature of Verbal Discourse in {Parent--Toddler}
               Interactions",
  author    = "Suanda, Sumarga H and Smith, Linda B and Yu, Chen",
  journal   = "Developmental neuropsychology",
  publisher = "Routledge",
  volume    =  41,
  number    = "5-8",
  pages     = "324--341",
  month     =  nov,
  year      =  2016,
  url       = "https://doi.org/10.1080/87565641.2016.1256403",
  issn      = "8756-5641",
  doi       = "10.1080/87565641.2016.1256403"
}

%40
@ARTICLE{Yu2013-av,
  title    = "Joint Attention without Gaze Following: Human Infants and Their
              Parents Coordinate Visual Attention to Objects through {Eye-Hand}
              Coordination",
  author   = "Yu, Chen and Smith, Linda B",
  journal  = "PloS one",
  volume   =  8,
  number   =  11,
  pages    = "e79659",
  month    =  nov,
  year     =  2013,
  url      = "http://dx.doi.org/10.1371/journal.pone.0079659",
  doi      = "10.1371/journal.pone.0079659"
}

%41
@ARTICLE{Deak2014-wy,
  title     = "Watch the hands: infants can learn to follow gaze by seeing
               adults manipulate objects",
  author    = "Deak, Gedeon O and Krasno, Anna M and Triesch, Jochen and Lewis,
               Joshua and Sepeta, Leigh",
  journal   = "Developmental science",
  publisher = "Wiley Online Library",
  volume    =  17,
  number    =  2,
  pages     = "270--281",
  year      =  2014,
  url       = "http://onlinelibrary.wiley.com/doi/10.1111/desc.12122/full",
  issn      = "1363-755X"
}

%42
@ARTICLE{Tamis-LeMonda2013-vi,
  title    = "From Action to Interaction: Infant Object Exploration and
              Mothers' Contingent Responsiveness",
  author   = "Tamis-LeMonda, C S and Kuchirko, Y and Tafuro, L",
  journal  = "IEEE transactions on autonomous mental development",
  volume   =  5,
  number   =  3,
  pages    = "202--209",
  year     =  2013,
  url      = "http://dx.doi.org/10.1109/TAMD.2013.2269905",
  keywords = "cognition;paediatrics;book-sharing;dyads;infant object
              exploration;maternal behaviors;mother contingent
              responsiveness;mother-infant interaction;mother-infant pairs;off
              task;referential language;regulatory language;sequential
              analysis;social experiences;temporal offsets;temporal onsets;time
              14 month;Communities;Cultural differences;Education;Global
              communication;Probability;Real-time systems;Sequential
              analysis;Infant object exploration;infant word learning;language
              development;maternal responsiveness",
  issn     = "1943-0604",
  doi      = "10.1109/TAMD.2013.2269905"
}

%43
@ARTICLE{Karasik2011-mf,
  title    = "Transition from crawling to walking and infants' actions with
              objects and people",
  author   = "Karasik, Lana B and Tamis-LeMonda, Catherine S and Adolph, Karen
              E",
  journal  = "Child development",
  volume   =  82,
  number   =  4,
  pages    = "1199--1209",
  month    =  jul,
  year     =  2011,
  url      = "http://dx.doi.org/10.1111/j.1467-8624.2011.01595.x",
  language = "en",
  issn     = "0009-3920, 1467-8624",
  pmid     = "21545581",
  doi      = "10.1111/j.1467-8624.2011.01595.x",
  pmc      = "PMC3163171"
}

%44
@ARTICLE{Karasik2014-cd,
  title     = "Crawling and walking infants elicit different verbal responses
               from mothers",
  author    = "Karasik, Lana B and Tamis-Lemonda, Catherine S and Adolph, Karen
               E",
  journal   = "Developmental science",
  publisher = "Wiley Online Library",
  volume    =  17,
  number    =  3,
  pages     = "388--395",
  month     =  may,
  year      =  2014,
  url       = "http://dx.doi.org/10.1111/desc.12129",
  language  = "en",
  issn      = "1363-755X, 1467-7687",
  pmid      = "24314018",
  doi       = "10.1111/desc.12129",
  pmc       = "PMC3997624"
}

%45
@ARTICLE{De_Barbaro2015-bp,
  title    = "Sensorimotor Decoupling Contributes to Triadic Attention: A
              Longitudinal Investigation of {Mother-Infant-Object} Interactions",
  author   = "de Barbaro, Kaya and Johnson, Christine M and Forster, Deborah
              and De{\'a}k, Gedeon O",
  journal  = "Child development",
  volume   =  87,
  number   =  2,
  pages    = "494--512",
  month    =  mar,
  year     =  2015,
  url      = "http://dx.doi.org/10.1111/cdev.12464",
  language = "en",
  issn     = "0009-3920, 1467-8624",
  pmid     = "26613383",
  doi      = "10.1111/cdev.12464"
}

%46
@ARTICLE{Karasik2012-jq,
  title    = "Carry on: spontaneous object carrying in 13-month-old crawling
              and walking infants",
  author   = "Karasik, Lana B and Adolph, Karen E and Tamis-LeMonda, Catherine
              S and Zuckerman, Alyssa L",
  journal  = "Developmental psychology",
  volume   =  48,
  number   =  2,
  pages    = "389--397",
  month    =  mar,
  year     =  2012,
  url      = "http://dx.doi.org/10.1037/a0026040",
  language = "en",
  issn     = "0012-1649, 1939-0599",
  pmid     = "22081880",
  doi      = "10.1037/a0026040",
  pmc      = "PMC3580953"
}

%47
@ARTICLE{Cole2016-rm,
  title     = "Bouts of steps: The organization of infant exploration",
  author    = "Cole, Whitney G and Robinson, Scott R and Adolph, Karen E",
  journal   = "Developmental psychobiology",
  publisher = "Wiley Online Library",
  volume    =  58,
  number    =  3,
  pages     = "341--354",
  month     =  apr,
  year      =  2016,
  url       = "http://dx.doi.org/10.1002/dev.21374",
  keywords  = "exploration; infant; locomotion; survivor analysis; walking",
  language  = "en",
  issn      = "0012-1630, 1098-2302",
  pmid      = "26497472",
  doi       = "10.1002/dev.21374",
  pmc       = "PMC4801732"
}

%48
@ARTICLE{Yale2003-fe,
  title    = "The temporal coordination of early infant communication",
  author   = "Yale, Marygrace E and Messinger, Daniel S and Cobo-Lewis, Alan B
              and Delgado, Christine F",
  journal  = "Developmental psychology",
  volume   =  39,
  number   =  5,
  pages    = "815--824",
  month    =  sep,
  year     =  2003,
  url      = "https://www.ncbi.nlm.nih.gov/pubmed/12952396",
  language = "en",
  issn     = "0012-1649",
  pmid     = "12952396"
}

%49
@ARTICLE{Lavelli2005-gt,
  title    = "Developmental changes in the relationship between the infant's
              attention and emotion during early face-to-face communication:
              the 2-month transition",
  author   = "Lavelli, Manuela and Fogel, Alan",
  journal  = "Developmental psychology",
  volume   =  41,
  number   =  1,
  pages    = "265--280",
  month    =  jan,
  year     =  2005,
  url      = "http://dx.doi.org/10.1037/0012-1649.41.1.265",
  language = "en",
  issn     = "0012-1649",
  pmid     = "15656754",
  doi      = "10.1037/0012-1649.41.1.265"
}

%50
@MISC{PLAY-wiki,
  title        = "{PLAY-Wiki}",
  url          = "http://dev1.ed-projects.nyu.edu/wikis/docuwiki/doku.php",
  howpublished = "\url{http://dev1.ed-projects.nyu.edu/wikis/docuwiki/doku.php}",
  note         = "Accessed: 2018-3-22"
}

%51
@MISC{databrary-site,
  title        = "Databrary",
  url          = "http://databrary.org.",
  howpublished = "\url{http://databrary.org.}",
  note         = "Accessed: 2018-3-22"
}

%52
@ARTICLE{Gordon2015-jp,
  title    = "Researcher-library collaborations: Data repositories as a service
              for researchers",
  author   = "Gordon, Andrew S and Millman, David S and Steiger, Lisa and
              Adolph, Karen E and Gilmore, Rick O",
  journal  = "Journal of Librarianship and Scholarly Communication",
  volume   =  3,
  number   =  2,
  year     =  2015,
  url      = "http://jlsc-pub.org/articles/10.7710/2162-3309.1238",
  issn     = "2162-3309",
  doi      = "10.7710/2162-3309.1238"
}

%53
@MISC{noauthor_undated-kz,
  title        = "{Databrary-Policy-Framework}",
  url          = "http://www.databrary.org/access/policies.html",
  howpublished = "\url{http://www.databrary.org/access/policies.html}",
  note         = "Accessed: 2018-3-22"
}

%54
@BOOK{Gilmore_undated-tp,
  title     = "Open sharing of research video: Breaking the boundaries of the research team, in Advancing social and behavioral health research through cross-disciplinary team science: Principles for
               success",
  author    = "Gilmore, R O and Adolph, K E",
  editor    = "{Hall, Kara, Croyle, R., \& Vogel, A.}",
  publisher = "Springer"
}

%55
@MISC{Adolph2015-oy,
  title        = "Best Practices for Coding Behavioral Data from Video",
  author       = "Adolph, K E",
  year         =  2015,
  url          = "http://datavyu.org/user-guide/best-practices.html",
  howpublished = "\url{http://datavyu.org/user-guide/best-practices.html}",
  note         = "Accessed: 2018-3-22"
}

%56
@ARTICLE{noauthor_2016-kn,
  title = "{PLAY-NIH-Workshop}",
  month =  dec,
  year  =  2016,
  url   = "https://nyu.databrary.org/slot/15663/0,24567644/asset/66015/download?inline=true"
}

%57
@ARTICLE{Karasik2015-mi,
  title     = "Places and postures: A cross-cultural comparison of sitting in 5-month-olds",
  author    = "Karasik, Lana B and Tamis-LeMonda, Catherine S and Adolph, Karen E and Bornstein, Marc H",
  journal   = "Journal of cross-cultural psychology",
  publisher = "journals.sagepub.com",
  volume    =  46,
  number    =  8,
  pages     = "1023--1038",
  month     =  sep,
  year      =  2015,
  url       = "http://dx.doi.org/10.1177/0022022115593803",
  keywords  = "cross-cultural; infants; motor development; sitting",
  language  = "en",
  issn      = "0022-0221",
  pmid      = "26924852",
  doi       = "10.1177/0022022115593803",
  pmc       = "PMC4767024"
}

%58
@ARTICLE{Soderstrom2013-xn,
  title    = "When do caregivers talk? The influences of activity and time of day on caregiver speech and child vocalizations in two childcare environments",
  author   = "Soderstrom, Melanie and Wittebolle, Kelsey",
  journal  = "PloS one",
  volume   =  8,
  number   =  11,
  pages    = "e80646",
  month    =  nov,
  year     =  2013,
  url      = "http://dx.doi.org/10.1371/journal.pone.0080646",
  language = "en",
  issn     = "1932-6203",
  pmid     = "24260443",
  doi      = "10.1371/journal.pone.0080646",
  pmc      = "PMC3832484"
}

%59
@ARTICLE{Rowe2012-vy,
  title    = "A longitudinal investigation of the role of quantity and quality
              of child-directed speech in vocabulary development",
  author   = "Rowe, Meredith L",
  journal  = "Child development",
  volume   =  83,
  number   =  5,
  pages    = "1762--1774",
  month    =  sep,
  year     =  2012,
  url      = "http://dx.doi.org/10.1111/j.1467-8624.2012.01805.x",
  language = "en",
  issn     = "0009-3920, 1467-8624",
  pmid     = "22716950",
  doi      = "10.1111/j.1467-8624.2012.01805.x",
  pmc      = "PMC3440540"
}

%60
@ARTICLE{Fausey2016-kx,
  title     = "From faces to hands: Changing visual input in the first two
               years",
  author    = "Fausey, Caitlin M and Jayaraman, Swapnaa and Smith, Linda B",
  journal   = "Cognition",
  publisher = "Elsevier",
  volume    =  152,
  pages     = "101--107",
  month     =  jul,
  year      =  2016,
  url       = "http://dx.doi.org/10.1016/j.cognition.2016.03.005",
  keywords  = "Egocentric vision; Faces; Hands; Head camera; Infancy; Scene
               statistics",
  language  = "en",
  issn      = "0010-0277, 1873-7838",
  pmid      = "27043744",
  doi       = "10.1016/j.cognition.2016.03.005",
  pmc       = "PMC4856551"
}

%61
@ARTICLE{Iverson2007-yr,
  title    = "Variation in vocal-motor development in infant siblings of
              children with autism",
  author   = "Iverson, Jana M and Wozniak, Robert H",
  journal  = "Journal of autism and developmental disorders",
  volume   =  37,
  number   =  1,
  pages    = "158--170",
  month    =  jan,
  year     =  2007,
  url      = "http://dx.doi.org/10.1007/s10803-006-0339-z",
  language = "en",
  issn     = "0162-3257",
  pmid     = "17191097",
  doi      = "10.1007/s10803-006-0339-z",
  pmc      = "PMC3521582"
}

%62
@ARTICLE{Iverson2004-ab,
  title     = "Infant vocal--motor coordination: precursor to the
               gesture-speech system?",
  author    = "Iverson, Jana M and Fagan, Mary K",
  journal   = "Child development",
  publisher = "Wiley Online Library",
  volume    =  75,
  number    =  4,
  pages     = "1053--1066",
  year      =  2004,
  url       = "http://onlinelibrary.wiley.com/doi/10.1111/j.1467-8624.2004.00725.x/full",
  issn      = "0009-3920"
}

%63
@ARTICLE{Little2016-sl,
  title     = "Cultural variation in triadic infant--caregiver object
               exploration",
  author    = "Little, E E and Carver, L J and Legare, C H",
  journal   = "Child development",
  publisher = "Wiley Online Library",
  year      =  2016,
  url       = "http://onlinelibrary.wiley.com/doi/10.1111/cdev.12513/full",
  issn      = "0009-3920"
}

%64
@ARTICLE{Yu2012-qo,
  title    = "Embodied attention and word learning by toddlers",
  author   = "Yu, Chen and Smith, Linda B",
  journal  = "Cognition",
  volume   =  125,
  number   =  2,
  pages    = "244--262",
  month    =  nov,
  year     =  2012,
  url      = "http://dx.doi.org/10.1016/j.cognition.2012.06.016",
  language = "en",
  issn     = "0010-0277, 1873-7838",
  pmid     = "22878116",
  doi      = "10.1016/j.cognition.2012.06.016",
  pmc      = "PMC3829203"
}

%65
@ARTICLE{Gros-Louis2006-bp,
  title     = "Mothers provide differential feedback to infants' prelinguistic
               sounds",
  author    = "Gros-Louis, Julie and West, Meredith J and Goldstein, Michael H
               and King, Andrew P",
  journal   = "International journal of behavioral development",
  publisher = "SAGE Publications Ltd",
  volume    =  30,
  number    =  6,
  pages     = "509--516",
  month     =  nov,
  year      =  2006,
  url       = "https://doi.org/10.1177/0165025406071914",
  issn      = "0165-0254",
  doi       = "10.1177/0165025406071914"
}

%66
@ARTICLE{Halim2013-ez,
  title    = "Rigidity in gender-typed behaviors in early childhood: a
              longitudinal study of ethnic minority children",
  author   = "Halim, May Ling and Ruble, Diane and Tamis-LeMonda, Catherine and
              Shrout, Patrick E",
  journal  = "Child development",
  volume   =  84,
  number   =  4,
  pages    = "1269--1284",
  month    =  jul,
  year     =  2013,
  url      = "http://dx.doi.org/10.1111/cdev.12057",
  language = "en",
  issn     = "0009-3920, 1467-8624",
  pmid     = "23432471",
  doi      = "10.1111/cdev.12057",
  pmc      = "PMC4754127"
}

%67
@ARTICLE{Cole2012-vr,
  title    = "Go naked: diapers affect infant walking",
  author   = "Cole, Whitney G and Lingeman, Jesse M and Adolph, Karen E",
  journal  = "Developmental science",
  volume   =  15,
  number   =  6,
  pages    = "783--790",
  month    =  nov,
  year     =  2012,
  url      = "http://dx.doi.org/10.1111/j.1467-7687.2012.01169.x",
  language = "en",
  issn     = "1363-755X, 1467-7687",
  pmid     = "23106732",
  doi      = "10.1111/j.1467-7687.2012.01169.x",
  pmc      = "PMC3580949"
}

%68
@MISC{noauthor_undated-zb,
  title       = "{PLAY-Demographics}",
  institution = "Github",
  url         = "https://github.com/PLAY-behaviorome/site-demographics"
}

%69
@ARTICLE{Jager2017-wv,
  title    = "More than just convenient: The scientific merits of homogeneous
              convenience samples",
  author   = "Jager, Justin and Putnick, Diane L and Bornstein, Marc H",
  journal  = "Monographs of the Society for Research in Child Development",
  volume   =  82,
  number   =  2,
  pages    = "13--30",
  month    =  jun,
  year     =  2017,
  url      = "http://dx.doi.org/10.1111/mono.12296",
  language = "en",
  issn     = "0037-976X, 1540-5834",
  pmid     = "28475254",
  doi      = "10.1111/mono.12296",
  pmc      = "PMC5606225"
}

%70
% The entry below contains non-ASCII chars that could not be converted
% to a LaTeX equivalent.
@ARTICLE{DavisKean2017-sr,
  title     = "From small to big: Methods for incorporating large scale data
               into developmental science",
  author    = "Davis‐Kean, P E and Jager, J",
  journal   = "Monographs of the Society for Research in Child Development",
  publisher = "Wiley Online Library",
  year      =  2017,
  url       = "http://onlinelibrary.wiley.com/doi/10.1111/mono.12297/full",
  issn      = "0037-976X"
}

%71
@BOOK{Teti2005-eq,
  title     = "Handbook of Research Methods in Developmental Science",
  author    = "Teti, Douglas M",
  publisher = "John Wiley \& Sons",
  year      =  2005,
  url       = "https://market.android.com/details?id=book-kvxLJHiYq1gC",
  language  = "en",
  isbn      = "9780631222613"
}

%72
@ARTICLE{McCune-Nicolich1984-tn,
  title     = "Methodological issues in studying early pretend play",
  author    = "McCune-Nicolich, L and Fenson, L and {Others}",
  journal   = "Child's play: Developmental and applied",
  publisher = "Lawrence Erlbaum Hillsdale, NJ",
  pages     = "81--104",
  year      =  1984
}

%73
@ARTICLE{Stevenson1986-zh,
  title   = "Mothers' speech to their 1-year-old infants in home and laboratory
             settings",
  author  = "Stevenson, Marguerite B and Leavitt, Lewis A and Roach, Mary A and
             Chapman, Robin S and Miller, Jon F",
  journal = "Journal of psycholinguistic research",
  volume  =  15,
  number  =  5,
  pages   = "451--461",
  month   =  sep,
  year    =  1986,
  url     = "https://doi.org/10.1007/BF01067725",
  issn    = "0090-6905, 1573-6555",
  doi     = "10.1007/BF01067725"
}

%74
@BOOK{MacWhinney2000-fb,
  title     = "The {CHILDES} Project: Tools for Analyzing Talk",
  author    = "MacWhinney, Brian",
  publisher = "Lawrence Erlbaum Associates",
  year      =  2000,
  url       = "https://doi.org/10.1162/coli.2000.26.4.657",
  issn      = "0891-2017",
  isbn      = "9780805829952",
  doi       = "10.1162/coli.2000.26.4.657"
}

%75
@ARTICLE{Frank2017-bt,
  title    = "Wordbank: an open repository for developmental vocabulary data",
  author   = "Frank, Michael C and Braginsky, Mika and Yurovsky, Daniel and
              Marchman, Virginia A",
  journal  = "Journal of child language",
  volume   =  44,
  number   =  3,
  pages    = "677--694",
  month    =  may,
  year     =  2017,
  url      = "http://dx.doi.org/10.1017/S0305000916000209",
  language = "en",
  issn     = "0305-0009, 1469-7602",
  pmid     = "27189114",
  doi      = "10.1017/S0305000916000209"
}

%76
@ARTICLE{Adolph2003-rw,
  title    = "What changes in infant walking and why",
  author   = "Adolph, Karen E and Vereijken, Beatrix and Shrout, Patrick E",
  journal  = "Child development",
  volume   =  74,
  number   =  2,
  pages    = "475--497",
  month    =  mar,
  year     =  2003,
  url      = "https://www.ncbi.nlm.nih.gov/pubmed/12705568",
  language = "en",
  issn     = "0009-3920",
  pmid     = "12705568"
}

%77
@ARTICLE{Adolph2012-ab,
  title    = "How do you learn to walk? Thousands of steps and dozens of falls
              per day",
  author   = "Adolph, Karen E and Cole, Whitney G and Komati, Meghana and
              Garciaguirre, Jessie S and Badaly, Daryaneh and Lingeman, Jesse M
              and Chan, Gladys L Y and Sotsky, Rachel B",
  journal  = "Psychological science",
  volume   =  23,
  number   =  11,
  pages    = "1387--1394",
  month    =  oct,
  year     =  2012,
  url      = "http://dx.doi.org/10.1177/0956797612446346",
  language = "en",
  issn     = "0956-7976, 1467-9280",
  pmid     = "23085640",
  doi      = "10.1177/0956797612446346",
  pmc      = "PMC3591461"
}

%78
@ARTICLE{Putnam2006-ys,
  title    = "Measurement of fine-grained aspects of toddler temperament: the
              early childhood behavior questionnaire",
  author   = "Putnam, Samuel P and Gartstein, Maria A and Rothbart, Mary K",
  journal  = "Infant behavior \& development",
  volume   =  29,
  number   =  3,
  pages    = "386--401",
  month    =  jul,
  year     =  2006,
  url      = "http://dx.doi.org/10.1016/j.infbeh.2006.01.004",
  language = "en",
  issn     = "0163-6383, 1934-8800",
  pmid     = "17138293",
  doi      = "10.1016/j.infbeh.2006.01.004",
  pmc      = "PMC4334385"
}

%79
@ARTICLE{Putnam2006-ga,
  title    = "Development of short and very short forms of the Children's
              Behavior Questionnaire",
  author   = "Putnam, Samuel P and Rothbart, Mary K",
  journal  = "Journal of personality assessment",
  volume   =  87,
  number   =  1,
  pages    = "102--112",
  month    =  aug,
  year     =  2006,
  url      = "http://dx.doi.org/10.1207/s15327752jpa8701_09",
  language = "en",
  issn     = "0022-3891",
  pmid     = "16856791",
  doi      = "10.1207/s15327752jpa8701\_09"
}

%80
@ARTICLE{Salley2007-gz,
  title    = "Temperamental and Joint Attentional Predictors of Language
              Development",
  author   = "Salley, Brenda J and Dixon, Jr, Wallace E",
  journal  = "Merrill-Palmer quarterly",
  volume   =  53,
  number   =  1,
  pages    = "131--154",
  month    =  jan,
  year     =  2007,
  url      = "https://www.ncbi.nlm.nih.gov/pubmed/18080005",
  language = "en",
  issn     = "0272-930X",
  pmid     = "18080005",
  pmc      = "PMC2137170"
}

%81
@ARTICLE{Bloom1989-mw,
  title     = "Talking with Feeling: Integrating Affective and Linguistic
               Expression in Early Language Development",
  author    = "Bloom, Lois and Beckwith, Richard",
  journal   = "Cognition and Emotion",
  publisher = "Routledge",
  volume    =  3,
  number    =  4,
  pages     = "313--342",
  month     =  oct,
  year      =  1989,
  url       = "https://doi.org/10.1080/02699938908412711",
  issn      = "0269-9931",
  doi       = "10.1080/02699938908412711"
}






